<?xml version="1.0" encoding="UTF-8"?>
<record xmlns="http://www.loc.gov/MARC21/slim" xmlns:xsi="http://www.w3.org/2001/XMLSchema-instance" xsi:schemaLocation="http://www.loc.gov/MARC21/slim http://www.loc.gov/standards/marcxml/schema/MARC21slim.xsd">
<leader>00000cam a22      a 4500</leader>
<controlfield tag="001">001684811</controlfield>
<controlfield tag="003">NNU</controlfield>
<controlfield tag="005">20151019154107.0</controlfield>
<controlfield tag="008">840105s1953    ua h          000 0 arar</controlfield>
<datafield tag="010" ind1=" " ind2=" ">
<subfield code="a">ne 62000110</subfield>
</datafield>
<datafield tag="035" ind1=" " ind2=" ">
<subfield code="a">(OCoLC)10267213</subfield>
<subfield code="z">(OCoLC)26842871</subfield>
<subfield code="z">(OCoLC)68178621</subfield>
</datafield>
<datafield tag="040" ind1=" " ind2=" ">
<subfield code="a">DLC</subfield>
<subfield code="b">eng</subfield>
<subfield code="c">IXA</subfield>
<subfield code="d">NYP</subfield>
<subfield code="d">OCLCG</subfield>
<subfield code="d">EYM</subfield>
<subfield code="d">NYP</subfield>
<subfield code="d">OCLCA</subfield>
<subfield code="d">OCLCQ</subfield>
<subfield code="d">OCLCF</subfield>
<subfield code="d">NNU</subfield>
</datafield>
<datafield tag="041" ind1="0" ind2=" ">
<subfield code="a">arafre</subfield>
</datafield>
<datafield tag="043" ind1=" " ind2=" ">
<subfield code="a">e-sp---</subfield>
</datafield>
<datafield tag="050" ind1="0" ind2="4">
<subfield code="a">DS219.Q7</subfield>
<subfield code="b">Z8 1953</subfield>
</datafield>
<datafield tag="100" ind1="1" ind2=" ">
<subfield code="6">880-01</subfield>
<subfield code="a">Zubayrī, Muṣʻab ibn ʻAbd Allāh,</subfield>
<subfield code="d">772 or 773-851.</subfield>
</datafield>
<datafield tag="245" ind1="1" ind2="0">
<subfield code="6">880-02</subfield>
<subfield code="a">Kitāb nasab Quraysh,</subfield>
<subfield code="c">li-Abī ʻAbd Allāh al-Muṣʻab ibn ʻAbd Allāh ibn al-Muṣʻab al-Zubayrī; ʻuniyá bi-nashrihi li-awwal marrah wa-taṣḥīḥuhu wa-al-taʻlīq ʻalayhi A. Līfī Brūfinsāl.</subfield>
</datafield>
<datafield tag="246" ind1="3" ind2=" ">
<subfield code="6">880-03</subfield>
<subfield code="a">Nasab Quraysh</subfield>
</datafield>
<datafield tag="260" ind1=" " ind2=" ">
<subfield code="6">880-04</subfield>
<subfield code="a">[al-Qāhirah] :</subfield>
<subfield code="b">Dār al-Maʻārif lil-Ṭibāʻah wa-al-Nashr,</subfield>
<subfield code="c">[1953]</subfield>
</datafield>
<datafield tag="300" ind1=" " ind2=" ">
<subfield code="a">23, 477, xi pages,</subfield>
<subfield code="b">facsimiles</subfield>
<subfield code="c">26 cm.</subfield>
</datafield>
<datafield tag="336" ind1=" " ind2=" ">
<subfield code="a">text</subfield>
<subfield code="b">txt</subfield>
<subfield code="2">rdacontent</subfield>
</datafield>
<datafield tag="337" ind1=" " ind2=" ">
<subfield code="a">unmediated</subfield>
<subfield code="b">n</subfield>
<subfield code="2">rdamedia</subfield>
</datafield>
<datafield tag="338" ind1=" " ind2=" ">
<subfield code="a">volume</subfield>
<subfield code="b">nc</subfield>
<subfield code="2">rdacarrier</subfield>
</datafield>
<datafield tag="490" ind1="1" ind2=" ">
<subfield code="6">880-05</subfield>
<subfield code="a">Dhakhā'ir al-ʻArab ;</subfield>
<subfield code="v">11</subfield>
</datafield>
<datafield tag="500" ind1=" " ind2=" ">
<subfield code="a">Added t.p.: Kitab nasab Kuraish, recension andalouse du traité de généalogie des Kuraishites par Mus'ab ibn 'Abd Allah al-Zubairi; éd. critique d'après les manuscrits de la Bibliothèque Kattaniya à Fès et de la Bibliothèque nationale de Madrid.</subfield>
</datafield>
<datafield tag="530" ind1=" " ind2=" ">
<subfield code="a">Also issued online.</subfield>
</datafield>
<datafield tag="650" ind1=" " ind2="0">
<subfield code="a">Quraysh (Arab tribe)</subfield>
</datafield>
<datafield tag="650" ind1=" " ind2="7">
<subfield code="a">Quraysh (Arab tribe)</subfield>
<subfield code="2">fast</subfield>
<subfield code="0">(OCoLC)fst01086192.</subfield>
</datafield>
<datafield tag="700" ind1="1" ind2=" ">
<subfield code="6">880-06</subfield>
<subfield code="a">Lévi-Provençal, Evariste,</subfield>
<subfield code="d">1894-1956.</subfield>
</datafield>
<datafield tag="776" ind1="0" ind2="8">
<subfield code="i">Online version:</subfield>
<subfield code="a">Zubayrī, Muṣʻab ibn ʻAbd Allāh, 773?-851?</subfield>
<subfield code="t">Kitāb nasab Quraysh.</subfield>
<subfield code="d">[al-Qāhirah] : Dār al-Maʻārif lil-Ṭibāʻah wa-al-Nashr, [1953]</subfield>
<subfield code="w">(OCoLC)579811152</subfield>
</datafield>
<datafield tag="880" ind1="1" ind2=" ">
<subfield code="6">100-01/</subfield>
<subfield code="a">أبو عبد لله المصعب بن عبد الله بن المصعب الزبيري،</subfield>
<subfield code="d">772 or 773-851.</subfield>
</datafield>
<datafield tag="880" ind1="1" ind2="0">
<subfield code="6">245-02/</subfield>
<subfield code="a">‏كتاب نسب قريش /‏</subfield>
<subfield code="c">‏لأبي عبد الله المصعب بن عبد الله بن المصعب الزبيري ؛ عني بنشره لأول مرة وتصحيحه والتعليق عليه ا. ليفي بروفنسال.</subfield>
</datafield>
<datafield tag="880" ind1="3" ind2=" ">
<subfield code="6">246-03/</subfield>
<subfield code="a">نسب قريش</subfield>
</datafield>
<datafield tag="880" ind1=" " ind2=" ">
<subfield code="6">260-04/</subfield>
<subfield code="a">[القاهرة] :</subfield>
<subfield code="b">‏دار المعارف،‏</subfield>
<subfield code="c">‏[1953]</subfield>
</datafield>
<datafield tag="880" ind1="1" ind2=" ">
<subfield code="6">490-05/</subfield>
<subfield code="a">‏ذخائر العرب ؛‏</subfield>
<subfield code="v">‏11</subfield>
</datafield>
<datafield tag="880" ind1="1" ind2=" ">
<subfield code="6">700-06/</subfield>
<subfield code="a">ليفي بروفنسال، إ،</subfield>
<subfield code="d">1894-1956.</subfield>
</datafield>
<datafield tag="830" ind1=" " ind2="0">
<subfield code="6">880-07</subfield>
<subfield code="a">Dhakhāʼir al-ʻArab ;</subfield>
<subfield code="v">11.</subfield>
</datafield>
<datafield tag="880" ind1=" " ind2="0">
<subfield code="6">830-07/</subfield>
<subfield code="a">‏ذخائر العرب ؛‏ ;</subfield>
<subfield code="v">‏11.</subfield>
</datafield>
<datafield tag="OWN" ind1=" " ind2=" ">
<subfield code="a">GENERAL</subfield>
</datafield>
<datafield tag="AVA" ind1=" " ind2=" ">
<subfield code="a">NYU50</subfield>
<subfield code="b">BOBST</subfield>
<subfield code="c">Main Collection</subfield>
<subfield code="d">DS219.Q7 Z8 1953</subfield>
<subfield code="e">unavailable</subfield>
<subfield code="t">Unavailable</subfield>
<subfield code="f">1</subfield>
<subfield code="g">1</subfield>
<subfield code="h">N</subfield>
<subfield code="i">2</subfield>
<subfield code="j">MAIN</subfield>
<subfield code="k">0</subfield>
</datafield>
</record>
